
@misc{matterport-mask-rcnn,
	Author = {Waleed Abdulla},
	Howpublished = {\url{https://github.com/matterport/Mask_RCNN}},
	Journal = {GitHub repository},
	Publisher = {Github},
	Title = {{Mask R-CNN for object detection and instance segmentation on Keras and TensorFlow}},
	Year = {2017}}

@article{yolo,
  author    = {Joseph Redmon and
               Santosh Kumar Divvala and
               Ross B. Girshick and
               Ali Farhadi},
  title     = {{You Only Look Once: Unified, Real-Time Object Detection}},
  journal   = {CoRR},
  volume    = {abs/1506.02640},
  year      = {2015},
  archivePrefix = {arXiv},
  eprint    = {1506.02640},
  timestamp = {Mon, 13 Aug 2018 16:48:08 +0200},
  biburl    = {https://dblp.org/rec/bib/journals/corr/RedmonDGF15},
  bibsource = {dblp computer science bibliography, https://dblp.org}
}

@misc{yolo-implementation,
	Author = {Redmon, Joseph and Farhadi, Ali},
	Howpublished = {\url{https://pjreddie.com/darknet/yolo}},
	Title = {{YOLO: Real-Time Object Detection}},
	Year = {2018}}

@article{keras-retinanet,
  author    = {Tsung{-}Yi Lin and
               Priya Goyal and
               Ross B. Girshick and
               Kaiming He and
               Piotr Doll{\'{a}}r},
  title     = {{Focal Loss for Dense Object Detection}},
  journal   = {CoRR},
  volume    = {abs/1708.02002},
  year      = {2017}
}

@misc{keras-retinanet-implementation,
	Author = {Fizyr B.V.},
	Howpublished = {\url{https://github.com/fizyr/keras-retinanet}},
	Title = {{Keras implementation of RetinaNet object detection}},
	Year = {2019}}

@article{coco,
  author    = {Tsung{-}Yi Lin and
               Michael Maire and
               Serge J. Belongie and
               Lubomir D. Bourdev and
               Ross B. Girshick and
               James Hays and
               Pietro Perona and
               Deva Ramanan and
               Piotr Doll{\'{a}}r and
               C. Lawrence Zitnick},
  title     = {Microsoft {COCO:} Common Objects in Context},
  journal   = {CoRR},
  volume    = {abs/1405.0312},
  year      = {2014},
  archivePrefix = {arXiv},
  eprint    = {1405.0312},
  timestamp = {Mon, 13 Aug 2018 16:48:13 +0200},
  biburl    = {https://dblp.org/rec/bib/journals/corr/LinMBHPRDZ14},
  bibsource = {dblp computer science bibliography, https://dblp.org}
}

@article{faster-rcnn,
  author    = {Shaoqing Ren and
               Kaiming He and
               Ross B. Girshick and
               Jian Sun},
  title     = {Faster {R-CNN:} Towards Real-Time Object Detection with Region Proposal
               Networks},
  journal   = {CoRR},
  volume    = {abs/1506.01497},
  year      = {2015},
  archivePrefix = {arXiv},
  eprint    = {1506.01497},
  timestamp = {Mon, 13 Aug 2018 16:46:02 +0200},
  biburl    = {https://dblp.org/rec/bib/journals/corr/RenHG015},
  bibsource = {dblp computer science bibliography, https://dblp.org}
}

@article{fast-rcnn,
  author    = {Ross B. Girshick},
  title     = {Fast {R-CNN}},
  journal   = {CoRR},
  volume    = {abs/1504.08083},
  year      = {2015},
  archivePrefix = {arXiv},
  eprint    = {1504.08083},
  timestamp = {Mon, 13 Aug 2018 16:49:11 +0200},
  biburl    = {https://dblp.org/rec/bib/journals/corr/Girshick15},
  bibsource = {dblp computer science bibliography, https://dblp.org}
}

@misc{selective-search,
	Author = {J.R.R. Uijlings and K.E.A. van de Sande and Gevers and A.W.M. Smeulders},
	Howpublished = {\url{http://www.huppelen.nl/publications/selectiveSearchDraft.pdf}},
	Title = {{Selective Search for Object Recognition}},
	Year = {2012}}


@article{rcnn,
  author    = {Ross B. Girshick and
               Jeff Donahue and
               Trevor Darrell and
               Jitendra Malik},
  title     = {Rich feature hierarchies for accurate object detection and semantic
               segmentation},
  journal   = {CoRR},
  volume    = {abs/1311.2524},
  year      = {2013},
  archivePrefix = {arXiv},
  eprint    = {1311.2524},
  timestamp = {Mon, 13 Aug 2018 16:48:09 +0200},
  biburl    = {https://dblp.org/rec/bib/journals/corr/GirshickDDM13},
  bibsource = {dblp computer science bibliography, https://dblp.org}
}

@misc{vgg-via,
	Author = {Abhishek Dutta and Ankush Gupta and Andrew Zisserman},
	Howpublished = {\url{http://www.robots.ox.ac.uk/~vgg/software/via}},
	Title = {{VGG Image Annotator}},
	Year = {2019}}


@misc{fast-mask-rcnn,
	Author = {Charles Shang},
	Howpublished = {\url{https://github.com/CharlesShang/FastMaskRCNN}},
	Title = {{Mask RCNN in TensorFlow}},
	Year = {2017}
}

@misc{mask-rcnn-opencv,
	Author = {Adrian Rosebrock},
	Howpublished = {\url{https://www.pyimagesearch.com/2018/11/26/instance-segmentation-with-opencv}},
	Title = {{Instance segmentation with OpenCV}},
	Year = {2018}}

@article{general-mask-rcnn,
  author    = {Kaiming He and
               Georgia Gkioxari and
               Piotr Doll{\'{a}}r and
               Ross B. Girshick},
  title     = {Mask {R-CNN}},
  journal   = {CoRR},
  volume    = {abs/1703.06870},
  year      = {2017},
  archivePrefix = {arXiv},
  eprint    = {1703.06870},
  timestamp = {Mon, 13 Aug 2018 16:46:36 +0200},
  biburl    = {https://dblp.org/rec/bib/journals/corr/HeGDG17},
  bibsource = {dblp computer science bibliography, https://dblp.org}
}

@inproceedings{deepmask,
   title = {Learning to Segment Object Candidates},
   author = {Pedro O. Pinheiro and Ronan Collobert and Piotr Dollár},
   booktitle = {NIPS},
   year = {2015}
}

@inproceedings{sharpmask,
   title = {Learning to Refine Object Segments},
   author = {Pedro O. Pinheiro and Tsung-Yi Lin and Ronan Collobert and Piotr Dollár},
   booktitle = {ECCV},
   year = {2016}
}

@misc{deep-sharp-mask,
	Author = {Facebook Research},
	Howpublished = {\url{https://github.com/facebookresearch/deepmask}},
	Title = {{Torch implementation of DeepMask and SharpMask}},
	Year = {2016}}
